<record xmlns='http://www.loc.gov/MARC21/slim'><leader>03398ced a2200517 a 4500</leader><controlfield tag='001'>4315761</controlfield><controlfield tag='005'>20191204125251.0</controlfield><controlfield tag='007'>aj canzn</controlfield><controlfield tag='008'>080222s1893    vrad      a  s  1   eng  </controlfield><datafield ind1='1' ind2=' ' tag='034'><subfield code='a'>a</subfield><subfield code='b'>31680</subfield><subfield code='d'>E1452000</subfield><subfield code='e'>E1454500</subfield><subfield code='f'>S0381500</subfield><subfield code='g'>S0383000</subfield></datafield><datafield ind1=' ' ind2=' ' tag='035'><subfield code='a'>4315761</subfield></datafield><datafield ind1=' ' ind2=' ' tag='040'><subfield code='a'>ANL</subfield><subfield code='b'>eng</subfield><subfield code='d'>ANL</subfield></datafield><datafield ind1=' ' ind2=' ' tag='042'><subfield code='a'>anuc</subfield></datafield><datafield ind1=' ' ind2=' ' tag='043'><subfield code='a'>u-at-vi</subfield></datafield><datafield ind1='2' ind2=' ' tag='045'><subfield code='b'>d1893</subfield></datafield><datafield ind1='1' ind2=' ' tag='110'><subfield code='a'>Geological Survey of Victoria.</subfield></datafield><datafield ind1='1' ind2='0' tag='245'><subfield code='a'>Geological Survey of Victoria.</subfield><subfield code='n'>No. 34</subfield><subfield code='h'>[cartographic material]</subfield></datafield><datafield ind1='1' ind2='3' tag='246'><subfield code='i'>Also known as:</subfield><subfield code='a'>Quarter sheet 34SW</subfield></datafield><datafield ind1='1' ind2='3' tag='246'><subfield code='i'>Title at right of Quarter sheet 34SW:</subfield><subfield code='a'>Part of Corinella</subfield></datafield><datafield ind1='1' ind2='3' tag='246'><subfield code='i'>Title at bottom of Quarter sheet 34SW:</subfield><subfield code='a'>Part of Woolamai</subfield></datafield><datafield ind1='1' ind2='3' tag='246'><subfield code='i'>Text on map of Quarter sheet 34SW:</subfield><subfield code='a'>Wurdi Youang, Cocoroc, Murtcaim</subfield></datafield><datafield ind1='1' ind2='3' tag='246'><subfield code='i'>Also known as:</subfield><subfield code='a'>Quarter sheet 34SE</subfield></datafield><datafield ind1='1' ind2='3' tag='246'><subfield code='i'>Title at bottom of Quarter sheet 34SE:</subfield><subfield code='a'>Part of Woolamai, Part of Wonthaggi North</subfield></datafield><datafield ind1='1' ind2='3' tag='246'><subfield code='i'>Text on map of Quarter sheet 34SE:</subfield><subfield code='a'>Corinella, Jumbunna</subfield></datafield><datafield ind1=' ' ind2=' ' tag='255'><subfield code='a'>Scale [1:31,680]. Two inches to a mile</subfield><subfield code='c'>(E 145째20&apos;--E 145째45&apos;/S 38째15&apos;--S 38째30&apos;)</subfield></datafield><datafield ind1=' ' ind2=' ' tag='260'><subfield code='a'>[Melbourne :</subfield><subfield code='b'>Published under the direction of A.W. Howitt, F.G.S., Secretary for Mines ; the Honorable J.H. McColl, Minister of Mines,</subfield><subfield code='c'>1893].</subfield></datafield><datafield ind1=' ' ind2=' ' tag='300'><subfield code='a'>1 map on 2 sheets :</subfield><subfield code='b'>col. ;</subfield><subfield code='c'>30.7 x 91.6 cm. on sheets 41.3 x 57 cm. or smaller.</subfield></datafield><datafield ind1=' ' ind2=' ' tag='500'><subfield code='a'>Caption title.</subfield></datafield><datafield ind1=' ' ind2=' ' tag='500'><subfield code='a'>Quarter sheet 34SW is a geological map centred on Western Port Bay with southeastern French Island on the top left and the western side of Southern Gippsland on the bottom right. The town of Corinella is the main focus in Southern Gippsland, with the town of Woolamai further south. The land shown includes the parishes of Corinella and Woolamai as well as the parish of French Island, all in the county of Mornington. Some cadastral detail is shown in the lowlands. Quarter sheet 34SE is a geological map centred on the parishes of Corinella and Jumbunna in the county of Mornington. Some cadastral detail is shown in the lowlands. Relief shown by hachures.</subfield></datafield><datafield ind1=' ' ind2=' ' tag='500'><subfield code='a'>&quot;March 1893&quot;--Quarter sheet 34SW.</subfield></datafield><datafield ind1=' ' ind2=' ' tag='500'><subfield code='a'>&quot;June 1st, 1893&quot;--Quarter sheet 34SE.</subfield></datafield><datafield ind1='0' ind2='0' tag='505'><subfield code='g'>Quarter sheet 34SW.</subfield><subfield code='t'>County of Mornington, Part of French Island /</subfield><subfield code='r'>surveyed by James Stirling, Assistant under the supervision of R.A.F. Murray, Government Geologist.</subfield><subfield code='g'>1893 -- Quarter sheet 34SE.</subfield><subfield code='t'>County of Mornington /</subfield><subfield code='r'>surveyed by James Stirling, Assistant under the supervision of R.A.F. Murray, Government Geologist ; lithod. by J.M. Coakley.</subfield><subfield code='g'>1893.</subfield></datafield><datafield ind1=' ' ind2=' ' tag='530'><subfield code='a'>Also available online</subfield><subfield code='u'>http://nla.gov.au/nla.obj-235076320</subfield></datafield><datafield ind1=' ' ind2='0' tag='650'><subfield code='a'>Geology</subfield><subfield code='z'>Victoria</subfield><subfield code='z'>Gippsland</subfield><subfield code='v'>Maps.</subfield></datafield><datafield ind1=' ' ind2='0' tag='650'><subfield code='a'>Geology</subfield><subfield code='z'>Victoria</subfield><subfield code='z'>French Island</subfield><subfield code='v'>Maps.</subfield></datafield><datafield ind1=' ' ind2='0' tag='650'><subfield code='a'>Real property</subfield><subfield code='z'>Victoria</subfield><subfield code='z'>French Island</subfield><subfield code='v'>Maps.</subfield></datafield><datafield ind1=' ' ind2='0' tag='650'><subfield code='a'>Real property</subfield><subfield code='z'>Victoria</subfield><subfield code='z'>Gippsland</subfield><subfield code='v'>Maps.</subfield></datafield><datafield ind1=' ' ind2='0' tag='651'><subfield code='a'>Gippsland (Vic.)</subfield><subfield code='v'>Map</subfield></datafield><datafield ind1=' ' ind2='0' tag='651'><subfield code='a'>French Island (Vic.)</subfield><subfield code='v'>Maps.</subfield></datafield><datafield ind1='1' ind2=' ' tag='700'><subfield code='a'>Stirling, James,</subfield><subfield code='d'>1852-1905.</subfield></datafield><datafield ind1='1' ind2=' ' tag='700'><subfield code='a'>Murray, R. A. F.</subfield><subfield code='q'>(Reginald Augustus Frederick)</subfield></datafield><datafield ind1='1' ind2=' ' tag='700'><subfield code='a'>Coakley, J. M.</subfield></datafield><datafield ind1='1' ind2=' ' tag='700'><subfield code='a'>Howitt, A. W.</subfield><subfield code='q'>(Alfred William),</subfield><subfield code='d'>1830-1908</subfield></datafield><datafield ind1=' ' ind2='0' tag='830'><subfield code='a'>[Geological Survey of Victoria 1:31,680 quarter sheets]</subfield></datafield><datafield ind1='4' ind2='1' tag='856'><subfield code='z'>National Library of Australia digitised item. MAP RM 2335/34 (Copy 1)</subfield><subfield code='u'>http://nla.gov.au/nla.obj-235076320</subfield><subfield code='x'>fulltext</subfield></datafield><datafield ind1='0' ind2=' ' tag='973'><subfield code='i'>In collection:</subfield><subfield code='t'>[Geological Survey of Victoria 1:31,680 quarter sheets]</subfield><subfield code='w'>(AuCNL)1945052</subfield></datafield></record>